@INPROCEEDINGS{alstrup2000new,
author={S. Alstrup and G. Stolting Brodal and T. Rauhe},
booktitle={Foundations of Computer Science, 2000. Proceedings. 41st Annual Symposium on},
title={New data structures for orthogonal range searching},
year={2000},
pages={198-207},
keywords={data structures;search problems;data structures;general range reporting problem;orthogonal range searching;two-dimensional semi-group range sum problem;Books;Computational modeling;Computer science;Contracts;Data structures;Databases;Read-write memory;Remuneration;Upper bound},
doi={10.1109/SFCS.2000.892088},
ISSN={0272-5428},
month={},}

@inbook{saladi2015improved,
author = {Saladi Rahul},
title = {Improved Bounds for Orthogonal Point Enclosure Query and Point Location in Orthogonal Subdivisions in {$\IR^3$}},
booktitle = {Proceedings of the Twenty-Sixth Annual ACM-SIAM Symposium on Discrete Algorithms},
chapter = {15},
pages = {200-211},
doi = {10.1137/1.9781611973730.15},
URL = {http://epubs.siam.org/doi/abs/10.1137/1.9781611973730.15},
eprint = {http://epubs.siam.org/doi/pdf/10.1137/1.9781611973730.15}
}

